%% This BibTeX bibliography file was created using BibDesk.
%% http://bibdesk.sourceforge.net/


%% Created for Amy Chou at 2014-09-30 19:52:01 -0400 


%% Saved with string encoding Unicode (UTF-8) 



@webpage{sudokumath,
	Author = {Cornell University, Department of Mathematics},
	Date-Added = {2014-09-30 23:43:29 +0000},
	Date-Modified = {2014-09-30 23:52:01 +0000},
	Lastchecked = {September 30, 2014},
	Month = {June},
	Read = {0},
	Title = {The Math Behind Sudoku},
	Url = {http://www.math.cornell.edu/~mec/Summer2009/Mahmood/Symmetry.html},
	Year = {2009}}

@inproceedings{javablanks,
	Author = {Funabiki, N. and Korenaga, Y. and Nakanishi, T. and Watanabe, K.},
	Booktitle = {Humanitarian Technology Conference (R10-HTC), 2013 IEEE Region 10},
	Month = {Aug},
	Pages = {85-90},
	Title = {An extension of fill-in-the-blank problem function in Java programming learning assistant system},
	Year = {2013}}

@inproceedings{jurkovic,
	Address = {New York, NY, USA},
	Author = {Jurkovic, Neven},
	Booktitle = {Proceedings of the 2001 International Symposium on Symbolic and Algebraic Computation},
	Isbn = {1-58113-417-7},
	Location = {London, Ontario, Canada},
	Pages = {195--200},
	Publisher = {ACM},
	Series = {ISSAC '01},
	Title = {Diagnosing and Correcting Student's Misconceptions in an Educational Computer Algebra System},
	Year = {2001}}

@inproceedings{algebra,
	Author = {Rohit Singh and Sumit Gulwani and Sriram K. Rajamani},
	Booktitle = {Proceedings of the Twenty-Sixth {AAAI} Conference on Artificial Intelligence, July 22-26, 2012, Toronto, Ontario, Canada.},
	Title = {Automatically Generating Algebra Problems},
	Year = {2012}}

@inproceedings{autograder,
	Author = {Rishabh Singh and Sumit Gulwani and Armando Solar{-}Lezama},
	Booktitle = {{ACM} {SIGPLAN} Conference on Programming Language Design and Implementation, {PLDI} '13, Seattle, WA, USA, June 16-19, 2013},
	Pages = {15--26},
	Title = {Automated feedback generation for introductory programming assignments},
	Year = {2013}}

@inproceedings{geometry,
	Author = {Sumit Gulwani and Vijay Anand Korthikanti and Ashish Tiwari},
	Booktitle = {Proceedings of the 32nd {ACM} {SIGPLAN} Conference on Programming Language Design and Implementation, {PLDI} 2011, San Jose, CA, USA, June 4-8, 2011},
	Pages = {50--61},
	Title = {Synthesizing geometry constructions},
	Year = {2011}}

@inproceedings{z3,
	Address = {Berlin, Heidelberg},
	Author = {De Moura, Leonardo and Bj{\o}rner, Nikolaj},
	Booktitle = {Proceedings of the Theory and Practice of Software, 14th International Conference on Tools and Algorithms for the Construction and Analysis of Systems},
	Location = {Budapest, Hungary},
	Pages = {337--340},
	Publisher = {Springer-Verlag},
	Series = {TACAS'08/ETAPS'08},
	Title = {Z3: An Efficient SMT Solver},
	Year = {2008}}

@article{sudokuchaos,
	Author = {M{\'{a}}ria Ercsey{-}Ravasz and Zolt{\'{a}}n Toroczkai},
	Journal = {CoRR},
	Title = {The Chaos Within Sudoku},
	Volume = {abs/1208.0370},
	Year = {2012}}

@article{sudokuclue,
	Author = {Gary McGuire and Bastian Tugemann and Gilles Civario},
	Journal = {Experimental Mathematics},
	Number = {2},
	Pages = {190--217},
	Title = {There Is No 16-Clue Sudoku: Solving the Sudoku Minimum Number of Clues Problem via Hitting Set Enumeration},
	Volume = {23},
	Year = {2014}}

@phdthesis{sketchthesis,
	Author = {Armando Solar-Lezama},
	School = {EECS Dept., UC Berkeley},
	Title = {Program Synthesis By Sketching},
	Year = 2008}

@article{sketchjournal,
	Author = {Armando Solar-Lezama},
	Journal = {STTT},
	Number = {5-6},
	Title = {Program sketching},
	Volume = {15},
	Year = {2013}}

@inproceedings{sketch06,
	Author = {Armando Solar-Lezama and Liviu Tancau and Rastislav Bod\'{\i}k and Sanjit A. Seshia and Vijay A. Saraswat},
	Booktitle = {ASPLOS},
	Pages = {404-415},
	Title = {Combinatorial sketching for finite programs},
	Year = {2006}}

@misc{sudokudef,
	Author = {Wikipedia},
	Title = {Sudoku, http://en.wikipedia.org/wiki/Sudoku},
	Year = {2014}}

@misc{fillominodef,
	Author = {Wikipedia},
	Title = {Fillomino, http://en.wikipedia.org/wiki/Fillomino},
	Year = {2014}}
